
@ARTICLE{MCS98,
   author = {{Magain}, P. and {Courbin}, F. and {Sohy}, S.},
    title = "{Deconvolution with Correct Sampling}",
  journal = {\apj},
   eprint = {arXiv:astro-ph/9704059},
 keywords = {METHODS: DATA ANALYSIS, METHODS: NUMERICAL, TECHNIQUES: IMAGE PROCESSING},
     year = 1998,
    month = feb,
   volume = 494,
    pages = {472},
      doi = {10.1086/305187},
   adsurl = {http://adsabs.harvard.edu/abs/1998ApJ...494..472M}
}

@ARTICLE{Lup++04,
   author = {{Lupton}, R. and {Blanton}, M.~R. and {Fekete}, G. and {Hogg}, D.~W. and 
	{O'Mullane}, W. and {Szalay}, A. and {Wherry}, N.},
    title = "{Preparing Red-Green-Blue Images from CCD Data}",
  journal = {\pasp},
   eprint = {arXiv:astro-ph/0312483},
 keywords = {Techniques: Image Processing, Techniques: Photometric},
     year = 2004,
    month = feb,
   volume = 116,
    pages = {133-137},
      doi = {10.1086/382245},
   adsurl = {http://adsabs.harvard.edu/abs/2004PASP..116..133L}
}


@INPROCEEDINGS{Whe++04,
   author = {{Wherry}, N. and {Blanton}, M.~R. and {Hogg}, D.~W. and {Lupton}, R.~H.
	},
    title = "{Producing Prettier Pictures}",
booktitle = {American Astronomical Society Meeting Abstracts \#204},
     year = 2004,
   series = {Bulletin of the American Astronomical Society},
   volume = 36,
    month = may,
    pages = {806},
   adsurl = {http://adsabs.harvard.edu/abs/2004AAS...204.7605W}
}
